@inproceedings{Burckhardt12,
author = {Burckhardt, Sebastian and Leijen, Daan and F\"{a}hndrich, Manuel and Sagiv, Mooly},
title = {{Eventually Consistent Transactions}},
year = {2012},
isbn = {9783642288685},
doi = {10.1007/978-3-642-28869-2},
booktitle = {ESOP 2012},
pages = {67--86},
numpages = {20},
location = {Tallinn, Estonia},
series = {ESOP'12}
}


@inproceedings{Bailis13b,
author = {Bailis, Peter and Ghodsi, Ali and Hellerstein, Joseph M. and Stoica, Ion},
title = {{Bolt-on Causal Consistency}},
year = {2013},
isbn = {9781450320375},
doi = {10.1145/2463676.2465279},
booktitle = {Proceedings of the 2013 ACM SIGMOD International Conference on Management of Data},
pages = {761--772},
numpages = {12},
keywords = {causal consistency, eventual consistency, separation of concerns},
location = {New York, New York, USA},
series = {SIGMOD '13}
}


@inproceedings{Crooks16,
author = {Crooks, Natacha and Pu, Youer and Estrada, Nancy and Gupta, Trinabh and Alvisi, Lorenzo and Clement, Allen},
title = {{TARDiS: A Branch-and-Merge Approach To Weak Consistency}},
year = {2016},
isbn = {9781450335317},
doi = {10.1145/2882903.2882951},
booktitle = {Proceedings of the 2016 International Conference on Management of Data},
pages = {1615--1628},
numpages = {14},
keywords = {transactions, causal consistency, weak consistency, databases, geo-distribution, merging, replication, distributed systems, eventual consistency},
location = {San Francisco, California, USA},
series = {SIGMOD '16}
}


@article{Kaki17,
author = {Kaki, Gowtham and Nagar, Kartik and Najafzadeh, Mahsa and Jagannathan, Suresh},
title = {{Alone Together: Compositional Reasoning and Inference for Weak Isolation}},
year = {2017},
issue_date = {January 2018},
volume = {2},
number = {POPL},
doi = {10.1145/3158115},
journal = {Proc. ACM Program. Lang.},
month = dec,
articleno = {27},
numpages = {34},
keywords = {Weak Isolation, Verification, Transactions, Rely-Guarantee, Concurrency}
}


@inproceedings{Llyod11,
author = {Lloyd, Wyatt and Freedman, Michael J. and Kaminsky, Michael and Andersen, David G.},
title = {{Don't Settle for Eventual: Scalable Causal Consistency for Wide-Area Storage with COPS}},
year = {2011},
isbn = {9781450309776},
doi = {10.1145/2043556.2043593},
booktitle = {Proceedings of the Twenty-Third ACM Symposium on Operating Systems Principles},
pages = {401--416},
numpages = {16},
keywords = {ALPS systems, key-value storage, scalable wide-area replication, causal + consistency, read transactions},
location = {Cascais, Portugal},
series = {SOSP '11}
}


@inproceedings{Kraska13,
author = {Kraska, Tim and Pang, Gene and Franklin, Michael J. and Madden, Samuel and Fekete, Alan},
title = {{MDCC: Multi-Data Center Consistency}},
year = {2013},
isbn = {9781450319942},
doi = {10.1145/2465351.2465363},
booktitle = {Proceedings of the 8th ACM European Conference on Computer Systems},
pages = {113--126},
numpages = {14},
location = {Prague, Czech Republic},
series = {EuroSys '13}
}

@inproceedings{Brutschy17,
author = {Brutschy, Lucas and Dimitrov, Dimitar and M\"{u}ller, Peter and Vechev, Martin},
title = {{Serializability for Eventual Consistency: Criterion, Analysis, and Applications}},
year = {2017},
isbn = {9781450346603},
doi = {10.1145/3009837.3009895},
booktitle = {Proceedings of the 44th ACM SIGPLAN Symposium on POPL},
pages = {458--472},
numpages = {15},
keywords = {serializability, eventual consistency, Replication},
location = {Paris, France},
series = {POPL 2017}
}

@inproceedings{Milano18,
author = {Milano, Matthew and Myers, Andrew C.},
title = {{MixT: A Language for Mixing Consistency in Geodistributed Transactions}},
year = {2018},
isbn = {9781450356985},
doi = {10.1145/3192366.3192375},
booktitle = {Proceedings of the 39th ACM SIGPLAN Conference on PLDI},
pages = {226--241},
numpages = {16},
keywords = {Consistency, Information Flow, Transactions},
location = {Philadelphia, PA, USA},
}

@inproceedings{Sivaramakrishnan15,
author = {Sivaramakrishnan, KC and Kaki, Gowtham and Jagannathan, Suresh},
title = {{Declarative Programming over Eventually Consistent Data Stores}},
year = {2015},
isbn = {9781450334686},
doi = {10.1145/2737924.2737981},
booktitle = {Proceedings of the 36th ACM SIGPLAN Conference on PLDI},
pages = {413--424},
numpages = {12},
}

@article{Kaki19,
author = {Kaki, Gowtham and Priya, Swarn and Sivaramakrishnan, KC and Jagannathan, Suresh},
title = {{Mergeable Replicated Data Types}},
year = {2019},
issue_date = {October 2019},
volume = {3},
number = {OOPSLA},
doi = {10.1145/3360580},
journal = {Proc. ACM Program. Lang.},
month = oct,
articleno = {154},
numpages = {29},
keywords = {CRDTs, Replication, Weak Consistency, Version Control, Git}
}

@article{Herlihy90,
author = {Herlihy, Maurice P. and Wing, Jeannette M.},
title = {{Linearizability: A Correctness Condition for Concurrent Objects}},
year = {1990},
issue_date = {July 1990},
volume = {12},
number = {3},
issn = {0164-0925},
doi = {10.1145/78969.78972},
journal = {ACM Trans. Program. Lang. Syst.},
month = jul,
pages = {463--492},
numpages = {30}
}

@article{Bernstein79,
author = {Bernstein, P. A. and Shipman, D. W. and Wong, W. S.},
title = {{Formal Aspects of Serializability in Database Concurrency Control}},
year = {1979},
issue_date = {May 1979},
volume = {5},
number = {3},
issn = {0098-5589},
doi = {10.1109/TSE.1979.234182},
journal = {IEEE Trans. Softw. Eng.},
month = may,
pages = {203--216},
numpages = {14},
keywords = {Concurrency control, database system, locking, serializability, transaction synchronization}
}

@article{Gilbert02,
author = {Gilbert, Seth and Lynch, Nancy},
title = {{Brewer's Conjecture and the Feasibility of Consistent, Available, Partition-Tolerant Web Services}},
year = {2002},
issue_date = {June 2002},
volume = {33},
number = {2},
issn = {0163-5700},
doi = {10.1145/564585.564601},
journal = {SIGACT News},
month = jun,
pages = {51--59},
numpages = {9}
}

@article{Abadi12,
author = {Abadi, Daniel},
title = {{Consistency Tradeoffs in Modern Distributed Database System Design: CAP is Only Part of the Story}},
year = {2012},
issue_date = {February 2012},
volume = {45},
number = {2},
issn = {0018-9162},
doi = {10.1109/MC.2012.33},
journal = {Computer},
month = feb,
pages = {37--42},
numpages = {6},
keywords = {database architectures, CAP theorem, distributed database systems, networking and information technology, computer systems organization}
}

@misc{Cassandra,
	key={Apache Cassandra},
	title = {{Apache Cassandra: The right choice when you need scalability and high availability without compromising performance}},
	year = {2020},
	url = {https://cassandra.apache.org/},
	urldate = {2020-06-29}
}

@article{10.1145/1773912.1773922,
author = {Lakshman, Avinash and Malik, Prashant},
title = {{Cassandra: A Decentralized Structured Storage System}},
year = {2010},
issue_date = {April 2010},
volume = {44},
number = {2},
issn = {0163-5980},
doi = {10.1145/1773912.1773922},
journal = {SIGOPS Oper. Syst. Rev.},
month = apr,
pages = {35--40},
numpages = {6}
}


@misc{DynamoDB,
	key={Amazon DynamoDB},
	title = {{Amazon DynamoDB: Fast and flexible NoSQL database service for any scale}},
	year = {2020},
	url = {https://aws.amazon.com/dynamodb/},
	urldate = {2020-06-29}
}

@misc{CosmosDB,
	key={Azure CosmosDB},
	title = {{Azure CosmosDB: Build or modernise scalable, high-performance apps}},
	year = {2020},
	url = {https://azure.microsoft.com/en-in/services/cosmos-db/},
	urldate = {2020-06-29}
}

@misc{Riak,
	key={Riak},
	title = {{Riak: Enterprise NoSQL Database}},
	year = {2020},
	url = {https://riak.com/},
	urldate = {2020-06-29}
}

@misc{Git,
	key={Git},
	title = {{Git: A distributed version control system}},
	year = {2020},
	url = {https://git-scm.com/},
	urldate = {2020-06-29}
}

@misc{Irmin,
	key={Irmin},
	title = {{Irmin: A distributed database built on the principles of Git}},
	year = {2020},
	url = {https://irmin.org/},
	urldate = {2020-06-29}
}

@misc{Bazel,
	key={Bazel},
	title = {{Bazel: A fast, scalable, multi-language build system}},
	year = {2020},
	url = {https://bazel.build/},
	urldate = {2020-06-29}
}

@misc{Gradle,
	key={Gradle},
	title = {{Gradle: An open-source build automation tool}},
	year = {2020},
	url = {https://gradle.org/},
	urldate = {2020-06-29}
}

@inproceedings{10.1145/2535838.2535848,
author = {Burckhardt, Sebastian and Gotsman, Alexey and Yang, Hongseok and Zawirski, Marek},
title = {{Replicated Data Types: Specification, Verification, Optimality}},
year = {2014},
isbn = {9781450325448},
doi = {10.1145/2535838.2535848},
booktitle = {Proceedings of the 41st ACM SIGPLAN-SIGACT Symposium on POPL},
pages = {271--284},
numpages = {14},
keywords = {weak memory, eventual consistency, replication},
location = {San Diego, California, USA},
series = {POPL '14}
}

@article{Burckhardt14,
author = {Burckhardt, Sebastian and Gotsman, Alexey and Yang, Hongseok and Zawirski, Marek},
title = {{Replicated Data Types: Specification, Verification, Optimality}},
year = {2014},
issue_date = {January 2014},
volume = {49},
number = {1},
issn = {0362-1340},
doi = {10.1145/2578855.2535848},
journal = {SIGPLAN Not.},
month = jan,
pages = {271--284},
numpages = {14},
keywords = {replication, weak memory, eventual consistency}
}

@article{Bailis13,
author = {Bailis, Peter and Davidson, Aaron and Fekete, Alan and Ghodsi, Ali and Hellerstein, Joseph M. and Stoica, Ion},
title = {{Highly Available Transactions: Virtues and Limitations}},
year = {2013},
issue_date = {November 2013},
volume = {7},
number = {3},
issn = {2150-8097},
doi = {10.14778/2732232.2732237},
journal = {Proc. VLDB Endow.},
month = nov,
pages = {181--192},
numpages = {12}
}


@article{Viotti16,
author = {Viotti, Paolo and Vukoli\'{c}, Marko},
title = {{Consistency in Non-Transactional Distributed Storage Systems}},
year = {2016},
issue_date = {July 2016},
volume = {49},
number = {1},
issn = {0360-0300},
doi = {10.1145/2926965},
journal = {ACM Comput. Surv.},
month = jun,
articleno = {19},
numpages = {34},
keywords = {distributed storage, Consistency}
}

@article{Kermarrec07,
author = {Kermarrec, Anne-Marie and van Steen, Maarten},
title = {{Gossiping in Distributed Systems}},
year = {2007},
issue_date = {October 2007},
volume = {41},
number = {5},
issn = {0163-5980},
doi = {10.1145/1317379.1317381},
journal = {SIGOPS Oper. Syst. Rev.},
month = oct,
pages = {2--7},
numpages = {6}
}

@inproceedings{Crain15,
author = {Crain, Tyler and Shapiro, Marc},
title = {{Designing a Causally Consistent Protocol for Geo-Distributed Partial Replication}},
year = {2015},
isbn = {9781450335379},
doi = {10.1145/2745947.2745953},
booktitle = {Proceedings of the First Workshop on Principles and Practice of Consistency for Distributed Data},
articleno = {6},
numpages = {4},
location = {Bordeaux, France},
series = {PaPoC '15}
}

@Article{lamport2001paxos,
author = {Lamport, Leslie},
title = {{Paxos Made Simple}},
year = {2001},
month = {December},
url = {https://www.microsoft.com/en-us/research/publication/paxos-made-simple/},
pages = {51-58},
journal = {ACM SIGACT News (Distributed Computing Column) 32, 4 (Whole Number 121, December 2001)},
edition = {ACM SIGACT News (Distributed Computing Column) 32, 4 (Whole Number 121, December 2001)},
}

@article{Berenson95,
author = {Berenson, Hal and Bernstein, Phil and Gray, Jim and Melton, Jim and O'Neil, Elizabeth and O'Neil, Patrick},
title = {{A Critique of ANSI SQL Isolation Levels}},
year = {1995},
issue_date = {May 1995},
volume = {24},
number = {2},
issn = {0163-5808},
doi = {10.1145/568271.223785},
journal = {SIGMOD Rec.},
month = may,
pages = {1--10},
numpages = {10}
}

@inproceedings{farinier15,
  title={{Mergeable Persistent Data Structures}},
  author={Farinier, Benjamin and Gazagnaire, Thomas and Madhavapeddy, Anil},
  booktitle={Vingt-sixi{\`e}mes Journ{\'e}es Francophones des Langages Applicatifs (JFLA 2015)},
  year={2015}
}

@inproceedings{Driscoll86,
author = {Driscoll, J R and Sarnak, N and Sleator, D D and Tarjan, R E},
title = {{Making Data Structures Persistent}},
year = {1986},
isbn = {0897911938},
doi = {10.1145/12130.12142},
booktitle = {Proceedings of the Eighteenth Annual ACM Symposium on Theory of Computing},
pages = {109--121},
numpages = {13},
location = {Berkeley, California, USA},
series = {STOC '86}
}

@inproceedings{Shapiro11,
  title={{Conflict-free Replicated Data Types}},
  author={Shapiro, Marc and Pregui{\c{c}}a, Nuno and Baquero, Carlos and Zawirski, Marek},
  booktitle={Symposium on Self-Stabilizing Systems},
  pages={386--400},
  year={2011},
  organization={Springer}
}

@inproceedings{Li12,
author = {Li, Cheng and Porto, Daniel and Clement, Allen and Gehrke, Johannes and Pregui\c{c}a, Nuno and Rodrigues, Rodrigo},
title = {{Making Geo-Replicated Systems Fast as Possible, Consistent When Necessary}},
year = {2012},
isbn = {9781931971966},
booktitle = {Proceedings of the 10th USENIX Conference on Operating Systems Design and Implementation},
pages = {265--278},
numpages = {14},
location = {Hollywood, CA, USA},
series = {OSDI'12}
}
