@article{prashanth2019concentration,
  title={Concentration bounds for cvar estimation: The cases of light-tailed and heavy-tailed distributions},
  author={Prashanth, L. A. and Jagannathan, Krishna and Kolla, Ravi Kumar},
  journal={arXiv preprint arXiv:1901.00997},
  year={2019}
}

@inproceedings{thomas2019concentration,
  title={Concentration inequalities for conditional value at risk},
  author={Thomas, Philip and Learned-Miller, Erik},
  booktitle={International Conference on Machine Learning},
  pages={6225--6233},
  year={2019}
}

@article{tversky1979analysis,
  title={An Analysis of Decision under Risk},
  author={Tversky, Amos and Kahneman, Daniel},
  journal={Econometrica},
  volume={47},
  pages={263--292},
  year={1979}
}

@article{markowitz1952portfolio,
  title={Portfolio selection},
  author={Markowitz, Harry},
  journal={The journal of finance},
  volume={7},
  number={1},
  pages={77--91},
  year={1952},
  publisher={Wiley Online Library}
}
@article{arrow1971essays,
	title={Essays in the theory of risk-bearing (Markham Pub. Co., Chicago, IL)},
	author={Arrow, Kenneth J},
	year={1971}
}
@article{howard1972risk,
	title={Risk-sensitive Markov decision processes},
	author={Howard, Ronald A and Matheson, James E},
	journal={Management science},
	volume={18},
	number={7},
	pages={356--369},
	year={1972},
	publisher={INFORMS}
}
@article{filar1995percentile,
	title={Percentile performance criteria for limiting average Markov decision processes},
	author={Filar, Jerzy A and Krass, Dmitry and Ross, Keith W},
	journal={IEEE Transactions on Automatic Control},
	volume={40},
	number={1},
	pages={2--10},
	year={1995},
	publisher={IEEE}
}
@misc{prekopa2003probabilistic,
	title={Probabilistic Programming, Chapter V in: A. Ruszczynski and A. Shapiro (eds.): Stochastic Programming, Hamdbooks in Operations Research and Management Science, Vol. 10},
	author={Pr{\'e}kopa, A},
	year={2003},
	publisher={Elsevier, Amsterdam}
}
@article{dentcheva2003optimization,
	title={Optimization with stochastic dominance constraints},
	author={Dentcheva, Darinka and Ruszczynski, Andrzej},
	journal={SIAM Journal on Optimization},
	volume={14},
	number={2},
	pages={548--566},
	year={2003},
	publisher={SIAM}
}
@article{rockafellar2000optimization,
	title={Optimization of conditional value-at-risk},
	author={Rockafellar, R Tyrrell and Uryasev, Stanislav and others},
	journal={Journal of risk},
	volume={2},
	pages={21--42},
	year={2000}
}
@article{nski2010risk,
	title={Risk-averse dynamic programming for Markov decision process},
	author={Nski, A Ruszczy},
	journal={Math. Program},
	volume={125},
	pages={235--261},
	year={2010}
}
@article{shen2013risk,
	title={Risk-sensitive Markov control processes},
	author={Shen, Yun and Stannat, Wilhelm and Obermayer, Klaus},
	journal={SIAM Journal on Control and Optimization},
	volume={51},
	number={5},
	pages={3652--3672},
	year={2013},
	publisher={SIAM}
}
@incollection{kahneman2013prospect,
	title={Prospect theory: An analysis of decision under risk},
	author={Kahneman, Daniel and Tversky, Amos},
	booktitle={Handbook of the fundamentals of financial decision making: Part I},
	pages={99--127},
	year={2013},
	publisher={World Scientific}
}
@article{tversky1992advances,
	title={Advances in prospect theory: Cumulative representation of uncertainty},
	author={Tversky, Amos and Kahneman, Daniel},
	journal={Journal of Risk and uncertainty},
	volume={5},
	number={4},
	pages={297--323},
	year={1992},
	publisher={Springer}
}

@article{acerbi2002spectral,
	title={Spectral measures of risk: A coherent representation of subjective risk aversion},
	author={Acerbi, Carlo},
	journal={Journal of Banking \& Finance},
	volume={26},
	number={7},
	pages={1505--1518},
	year={2002},
	publisher={Elsevier}
}
@inproceedings{wirch2001distortion,
	title={Distortion risk measures: Coherence and stochastic dominance},
	author={Wirch, Julia L and Hardy, Mary R},
	booktitle={International Congress on Insurance: Mathematics and Economics},
	pages={15--17},
	year={2001}
}
@book{sutton2018reinforcement,
	title={Reinforcement learning: An introduction},
	author={Sutton, Richard S and Barto, Andrew G},
	year={2018},
	publisher={MIT press}
}
@article{slivkins2017introduction,
	title={Introduction to multi-armed bandits},
	author={Slivkins, Aleksandrs},
	journal={September. URL http://slivkins. com/work/MAB-book. pdf},
	year={2017}
}


@book{kaltenbach2011concise,
  title={A concise guide to statistics},
  author={Kaltenbach, Hans-Michael},
  year={2011},
  publisher={Springer Science \& Business Media}
}

@book{dowd2007measuring,
  title={Measuring market risk},
  author={Dowd, Kevin},
  year={2005},
  publisher={John Wiley \& Sons}
}

@article{slivkins2019introduction,
  title={Introduction to multi-armed bandits},
  author={Slivkins, A. and others},
  journal={Foundations and Trends{\textregistered} in Machine Learning},
  volume={12},
  number={1-2},
  pages={1--286},
  year={2019},
  publisher={Now Publishers, Inc.}
}

@article{p2019estimation,
    title={Estimation of Spectral Risk Measures},
    author={A. K. Pandey and L. A. Prashanth  and S. P. Bhat},
  journal   = {CoRR},
  volume    = {abs/1912.10398},
    year={2019},
    eprint={1912.10398},
    archivePrefix={arXiv},
}

@article{acerbi2002coherence,
  title={On the coherence of expected shortfall},
  author={Acerbi, C. and Tasche, D.},
  journal={Journal of Banking \& Finance},
  volume={26},
  number={7},
  pages={1487--1503},
  year={2002},
  publisher={Elsevier}
}


@article{dowd2006after,
  title={{After VaR: the theory, estimation, and insurance applications of quantile-based risk measures}},
  author={Dowd, K. and Blake, D.},
  journal={Journal of Risk and Insurance},
  volume={73},
  number={2},
  pages={193--229},
  year={2006},
  publisher={Wiley Online Library}
}

@article{acerbi2002spectral,
  title={Spectral measures of risk: A coherent representation of subjective risk aversion},
  author={Acerbi, C.},
  journal={Journal of Banking \& Finance},
  volume={26},
  number={7},
  pages={1505--1518},
  year={2002},
  publisher={Elsevier}
}



@book{wainwright2019high,
  title={High-dimensional statistics: A non-asymptotic viewpoint},
  author={Wainwright, M. J.},
  volume={48},
  year={2019},
  publisher={Cambridge University Press}
}


@inproceedings{bhat2019improved,
title = {{Concentration of risk measures: A Wasserstein distance approach}},
author = {Bhat, S. P. and Prashanth, L. A.},
booktitle = {Advances in Neural Information Processing Systems 32},
pages = {11739--11748},
year = {2019}
}

@article{kolla2019cvarBandits,
  author    = {R. K. Kolla and
               L. A. Prashanth  and
               K. P. Jagannathan},
  title     = {Risk-aware Multi-armed Bandits Using Conditional Value-at-Risk},
  journal   = {CoRR},
  volume    = {abs/1901.00997},
  year      = {2019},
  archivePrefix = {arXiv},
  eprint    = {1901.00997},
}


%%%%%%


@article{mulvey2006applying,
  title={{Applying CVaR for decentralized risk management of financial companies}},
  author={Mulvey, J. M. and Erkan, H. G.},
  journal={Journal of Banking \& Finance},
  volume={30},
  number={2},
  pages={627--644},
  year={2006},
  publisher={Elsevier}
}


@phdthesis{galichet2015contributions,
  title={Contributions to Multi-Armed Bandits: Risk-Awareness and Sub-Sampling for Linear Contextual Bandits},
  author={Galichet, Nicolas},
  year={2015},
  school={Universit{\'e} Paris Sud-Paris XI}
}



@article{kolla2019risk,
  title={Risk-aware Multi-armed Bandits Using Conditional Value-at-Risk},
  author={Kolla, Ravi Kumar and Jagannathan, Krishna and others},
  journal={arXiv preprint arXiv:1901.00997},
  year={2019}
}
%%%%%%%%
@article{bruni2016real,
  title={Real-world datasets for portfolio selection and solutions of some stochastic dominance portfolio models},
  author={Bruni, Renato and Cesarone, Francesco and Scozzari, Andrea and Tardella, Fabio},
  journal={Data in brief},
  volume={8},
  pages={858--862},
  year={2016},
  publisher={Elsevier}
}


@article{krokhmal2002portfolio,
  title={Portfolio optimization with conditional value-at-risk objective and constraints},
  author={Krokhmal, P. and Palmquist, J. and Uryasev, S.},
  journal={Journal of risk},
  volume={4},
  pages={43--68},
  year={2002},
  publisher={Citeseer}
}
@article{kolla2019concentration,
  title={Concentration bounds for empirical conditional value-at-risk: The unbounded case},
  author={Kolla, R. K. and Prashanth, L. A. and Bhat, S. P. and Jagannathan, K. P.},
  journal={Operations Research Letters},
  volume={47},
  number={1},
  pages={16--20},
  year={2019},
  publisher={Elsevier}
}

@techreport{dufour1995distribution,
  title={Distribution and quantile functions},
  author={Dufour, J. M.},
  year={1995},
  institution={McGill University, Montreal, Canada}
}
@article{cruz2003elementary,
  title={An elementary proof of error estimates for the trapezoidal rule},
  author={Cruz-Uribe, D. and Neugebauer, C. J.},
  journal={Mathematics magazine},
  volume={76},
  number={4},
  pages={303--306},
  year={2003},
  publisher={Taylor \& Francis}
}


@article{brown2007large,
  title={Large deviations bounds for estimating conditional value-at-risk},
  author={Brown, D. B.},
  journal={Operations Research Letters},
  volume={35},
  number={6},
  pages={722--730},
  year={2007},
  publisher={Elsevier}
}

@article{duffie1997overview,
  title={An overview of value at risk},
  author={Duffie, Darrell and Pan, Jun},
  journal={Journal of derivatives},
  volume={4},
  number={3},
  pages={7--49},
  year={1997}
}


@inproceedings{behrisch2011sumo,
  title={{SUMO--Simulation of Urban MObility}},
  author={Behrisch, M. and Bieker, L. and Erdmann, J. and Krajzewicz, D.},
  booktitle={The Third International Conference on Advances in System Simulation (SIMUL 2011)},
  volume={42},
  year={2011}
}

@inproceedings{wegener2008traci,
  title={{TraCI: an interface for coupling road traffic and network simulators}},
  author={Wegener, A. and others},
  booktitle={Proceedings of the 11th communications and networking simulation symposium},
  pages={155--163},
  year={2008},
  organization={ACM}
}


@article{haklay2008openstreetmap,
  title={Openstreetmap: User-generated street maps},
  author={Haklay, M. and Weber, P.},
  journal={IEEE Pervasive Computing},
  volume={7},
  number={4},
  pages={12--18},
  year={2008},
  publisher={Ieee}
}











@inproceedings{langley00,
 author    = {P. Langley},
 title     = {Crafting Papers on Machine Learning},
 year      = {2000},
 pages     = {1207--1216},
 editor    = {Pat Langley},
 booktitle     = {Proceedings of the 17th International Conference
              on Machine Learning (ICML 2000)},
 address   = {Stanford, CA},
 publisher = {Morgan Kaufmann}
}

@TechReport{mitchell80,
  author = 	 "T. M. Mitchell",
  title = 	 "The Need for Biases in Learning Generalizations",
  institution =  "Computer Science Department, Rutgers University",
  year = 	 "1980",
  address =	 "New Brunswick, MA",
}

@phdthesis{kearns89,
  author = {M. J. Kearns},
  title =  {Computational Complexity of Machine Learning},
  school = {Department of Computer Science, Harvard University},
  year =   {1989}
}

@Book{MachineLearningI,
  editor = 	 "R. S. Michalski and J. G. Carbonell and T.
		  M. Mitchell",
  title = 	 "Machine Learning: An Artificial Intelligence
		  Approach, Vol. I",
  publisher = 	 "Tioga",
  year = 	 "1983",
  address =	 "Palo Alto, CA"
}

@Book{DudaHart2nd,
  author =       "R. O. Duda and P. E. Hart and D. G. Stork",
  title =        "Pattern Classification",
  publisher =    "John Wiley and Sons",
  edition =      "2nd",
  year =         "2000"
}


@InCollection{Newell81,
  author =       "A. Newell and P. S. Rosenbloom",
  title =        "Mechanisms of Skill Acquisition and the Law of
                  Practice", 
  booktitle =    "Cognitive Skills and Their Acquisition",
  pages =        "1--51",
  publisher =    "Lawrence Erlbaum Associates, Inc.",
  year =         "1981",
  editor =       "J. R. Anderson",
  chapter =      "1",
  address =      "Hillsdale, NJ"
}


@Article{Samuel59,
  author = 	 "A. L. Samuel",
  title = 	 "Some Studies in Machine Learning Using the Game of
		  Checkers",
  journal =	 "IBM Journal of Research and Development",
  year =	 "1959",
  volume =	 "3",
  number =	 "3",
  pages =	 "211--229"
}
@book{serfling2009approximation,
  title={Approximation theorems of mathematical statistics},
  author={Serfling, Robert J},
  volume={162},
  year={2009},
  publisher={John Wiley \& Sons}
}

@book{boucheron2013concentration,
  title={Concentration inequalities: A nonasymptotic theory of independence},
  author={Boucheron, St{\'e}phane and Lugosi, G{\'a}bor and Massart, Pascal},
  year={2013},
  publisher={Oxford university press}
}

@article{wang2010deviation,
  title={Deviation inequalities for an estimator of the conditional value-at-risk},
  author={Wang, Y. and Gao, F.},
  journal={Operations Research Letters},
  volume={38},
  number={3},
  pages={236--239},
  year={2010},
  publisher={Elsevier}
}


@article{bahadur1966note,
  title={A note on quantiles in large samples},
  author={Bahadur, R. R.},
  journal={The Annals of Mathematical Statistics},
  volume={37},
  number={3},
  pages={577--580},
  year={1966},
  publisher={JSTOR}
}

@inproceedings{galichet2013exploration,
  title={{Exploration vs exploitation vs safety: Risk-aware multi-armed bandits}},
  author={Galichet, N. and Sebag, M. and Teytaud, O.},
  booktitle={Asian Conference on Machine Learning},
  pages={245--260},
  year={2013}
}

@article{sun2010asymptotic,
  title={Asymptotic representations for importance-sampling estimators of value-at-risk and conditional value-at-risk},
  author={Sun, L. and Hong, L. J.},
  journal={Operations Research Letters},
  volume={38},
  number={4},
  pages={246--251},
  year={2010},
  publisher={Elsevier}
}

@inproceedings{vakili2015mean,
  title={Mean-variance and value at risk in multi-armed bandit problems},
  author={Vakili, S. and Zhao, Q.},
  booktitle={Annual Allerton Conference on Communication, Control, and Computing (Allerton)},
  pages={1330--1335},
  year={2015},
  organization={IEEE}
}

@article{vakili2016risk,
  title={Risk-averse multi-armed bandit problems under mean-variance measure},
  author={Vakili, S. and Zhao, Q.},
  journal={IEEE Journal of Selected Topics in Signal Processing},
  volume={10},
  number={6},
  pages={1093--1111},
  year={2016},
  publisher={IEEE}
}

@inproceedings{tamar2015optimizing,
  title={Optimizing the CVaR via Sampling.},
  author={Tamar, A. and Glassner, Y. and Mannor, S.},
  booktitle={AAAI},
  pages={2993--2999},
  year={2015}
}

@article{kisiala2015conditional,
  title={Conditional Value-at-Risk: Theory and Applications},
  author={Kisiala, J.},
  journal={arXiv preprint arXiv:1511.00140},
  year={2015}
}

@article{auer2002finite,
  title={Finite-time analysis of the multiarmed bandit problem},
  author={Auer, P. and Cesa-Bianchi, N. and Fischer, P.},
  journal={Machine Learning},
  volume={47},
  number={2-3},
  pages={235--256},
  year={2002},
  publisher={Springer}
}

@inproceedings{sani2012risk,
  title={Risk-aversion in multi-armed bandits},
  author={Sani, A. and Lazaric, A. and Munos, R.},
  booktitle={Advances in Neural Information Processing Systems},
  pages={3275--3283},
  year={2012}
}

@inproceedings{maillard2013robust,
  title={Robust risk-averse stochastic multi-armed bandits},
  author={Maillard, O. A.},
  booktitle={International Conference on Algorithmic Learning Theory},
  pages={218--233},
  year={2013},
  organization={Springer}
}

@inproceedings{carpentier2016tight,
  title={Tight (lower) bounds for the fixed budget best arm identification bandit problem},
  author={Carpentier, A. and Locatelli, A.},
  booktitle={Conference on Learning Theory},
  pages={590--604},
  year={2016}
}

@inproceedings{dani2008stochastic,
  title={Stochastic linear optimization under bandit feedback},
  author={Dani, V. and Hayes, T. P and Kakade, S. M},
  booktitle={Conference on Learning Theory},
  pages={355--366},
  year={2008}
}

@article{cherny2009new,
  title={New measures for performance evaluation},
  author={Cherny, A. and Madan, D.},
  journal={Review of Financial Studies},
  volume={22},
  number={7},
  pages={2571--2606},
  year={2009},
  publisher={Soc Financial Studies}
}

@article{munos2014survey,
year = {2014},
volume = {7},
journal = {Foundations and Trends in Machine Learning},
title = {{From bandits to monte-carlo tree search: The optimistic principle applied to optimization and planning}},
issn = {1935-8237},
number = {1},
pages = {1-129},
author = {Munos, R.}
}

@incollection{DanKakHay07:LinBandit, 
    Publisher = {MIT Press}, 
    Author = {Dani, V. and  Kakade, S. M and Hayes, T. P}, 
    Booktitle = {Advances in Neural Information Processing Systems}, 
    Title = {The Price of Bandit Information for Online Optimization}, 
    Year = {2007}, 
    Pages = {345--352} 
   }


@article{Auer02NonSto,
  title={The nonstochastic multiarmed bandit problem},
  author={Auer, P. and Cesa-Bianchi, N. and Freund, Y. and Schapire, R. E.},
  journal={SIAM Journal on Computing},
  volume={32},
  number={1},
  pages={48--77},
  year={2002},
  publisher={SIAM}
}


@article{AudMunSze09:UCBV,
  title={Exploration--exploitation tradeoff using variance estimates in multi-armed bandits},
  author={Audibert, J. Y. and Munos, R. and Szepesv\'{a}ri, C.},
  journal={Theoretical Computer Science},
  volume={410},
  number={19},
  pages={1876--1902},
  year={2009},
  publisher={Elsevier}
}

@article{sagnol2013approximation,
  title={Approximation of a maximum-submodular-coverage problem involving spectral functions, with application to experimental designs},
  author={Sagnol, G.},
  journal={Discrete Applied Mathematics},
  volume={161},
  number={1},
  pages={258--276},
  year={2013},
  publisher={Elsevier}
}

@inproceedings{soare2014best,
  title={Best-arm identification in linear bandits},
  author={Soare, M. and Lazaric, A. and Munos, R.},
  booktitle={Advances in Neural Information Processing Systems},
  pages={828--836},
  year={2014}
}
@inproceedings{abbasi2011improved,
  title={Improved algorithms for linear stochastic bandits},
  author={Abbasi-Yadkori, Y. and P{\'a}l, D. and Szepesv{\'a}ri, C.},
  booktitle={Advances in Neural Information Processing Systems},
  pages={2312--2320},
  year={2011}
}

@Article{lai1985lowerbd,
  author =       "Lai, T. L. and Robbins, H.",
  title =        "Asymptotically Efficient Adaptive Allocation Rules",
  journal =      "Advances in Applied Mathematics",
  year =         "1985",
  volume =    "6",
  number =    "1",
  pages =     "4--22",
}

@article{kaufmann2015complexity,
  title={On the complexity of best arm identification in multi-armed bandit models},
  author={Kaufmann, E. and Capp{\'e}, O. and Garivier, A.},
  journal= {Journal of Machine Learning Research},
    volume  = {17},
  number  = {1},
  pages   = {1-42},
  year={2016}
}

@Article{uryasev,
  author =      {P. Krokhmal and M. Zabarankin and S. Uryasev},
  title =      {Modeling and optimization of risk},
  journal =      {Surveys in Operations Research and Management Science},
  year =      2011,
  volume =      16,
  pages =      {49-66}}
  
@article{bubeck2012regret,
  title={Regret analysis of stochastic and nonstochastic multi-armed bandit problems},
  author={Bubeck, S. and Cesa-Bianchi, N.},
  journal={Foundations and Trends{\textregistered} in Machine Learning},
  volume={5},
  number={1},
  pages={1--122},
  year={2012},
}

@incollection{robbins1952some,
  title={Some aspects of the sequential design of experiments},
  author={Robbins, Herbert},
  booktitle={Bulletin of the American Mathematical Society},
  volume={55},
  year={1952}
}

@inproceedings{audibert2010best,
  title={Best arm identification in multi-armed bandits},
  author={Audibert, J. Y. and Bubeck, S. and Munos, R.},
  booktitle={Conference on Learning Theory},
  pages={41--53},
  year={2010}
}


@inproceedings{kalyanakrishnan2012pac,
  title={P{A}{C} subset selection in stochastic multi-armed bandits},
  author={Kalyanakrishnan, S. and Tewari, A. and Auer, P. and Stone, P.},
  booktitle={International Conference on Machine Learning},
  pages={655--662},
  year={2012}
}

@inproceedings{even2002pac,
  title={P{A}{C} bounds for multi-armed bandit and {Markov} decision processes},
  author={Even-Dar, E. and Mannor, S. and Mansour, Y.},
  booktitle={International Conference on Computational Learning Theory},
  pages={255--270},
  year={2002},
  organization={Springer}
}

@article{even2006action,
  title={Action elimination and stopping conditions for the multi-armed bandit and reinforcement learning problems},
  author={Even-Dar, E. and Mannor, S. and Mansour, Y.},
  journal={Journal of Machine Learning Research},
  volume={7},
  pages={1079--1105},
  year={2006}
}

@article{mannor2004sample,
  title={The sample complexity of exploration in the multi-armed bandit problem},
  author={Mannor, S. and Tsitsiklis, J. N.},
  journal={Journal of Machine Learning Research},
  volume={5},
  pages={623--648},
  year={2004}
}

@article{Barto83NE,
	Author = {A. Barto and R. Sutton and C. Anderson},
	Journal = {IEEE Transaction on Systems, Man and Cybernetics},
	Pages = {835-846},
	Title = {Neuron-Like Elements that can Solve Difficult Learning Control Problems},
	Volume = {13},
	Year = {1983}}

@phdthesis{Sutton84TC,
	Author = {R. Sutton},
	School = {University of Massachusetts Amherst},
	Title = {Temporal credit assignment in reinforcement learning},
	Year = {1984}}

@article{Shen13RS,
	Author = {Y. Shen and W. Stannat and K. Obermayer},
	Journal = {SIAM Journal on Control and Optimization},
	Number = {5},
	Pages = {3652-3672},
	Title = {Risk-sensitive {M}arkov Control Processes},
	Volume = {51},
	Year = {2013}}

@article{Borkar01SF,
	Author = {V. Borkar},
	Journal = {Systems \& Control Letters},
	Pages = {339-346},
	Title = {A Sensitivity Formula for the Risk-sensitive Cost and the Actor-Critic Algorithm},
	Volume = {44},
	Year = {2001}}

@article{Borkar02QR,
	Author = {V. Borkar},
	Journal = {Mathematics of Operations Research},
	Pages = {294-311},
	Title = {Q-learning for Risk-sensitive Control},
	Volume = {27},
	Year = {2002}}

@article{Basu08LA,
	Author = {A. Basu and T. Bhattacharyya and V. Borkar},
	Journal = {Mathematics of Operations Research},
	Number = {4},
	Pages = {880-898},
	Title = {A Learning Algorithm for Risk-sensitive Cost},
	Volume = {33},
	Year = {2008}}

@article{Mihatsch02RS,
	Author = {O. Mihatsch and R. Neuneier},
	Journal = {Machine Learning},
	Number = {2},
	Pages = {267-290},
	Title = {Risk-sensitive Reinforcement Learning},
	Volume = {49},
	Year = {2002}}

@article{Howard72RS,
	Author = {R. Howard and J. Matheson},
	Journal = {Management Science},
	Number = {7},
	Pages = {356-369},
	Title = {Risk Sensitive {M}arkov Decision Processes},
	Volume = {18},
	Year = {1972}}

@article{Filar95PP,
	Author = {J. Filar and D. Krass and K. Ross},
	Journal = {IEEE Transaction of Automatic Control},
	Number = {1},
	Pages = {2-10},
	Title = {Percentile Performance Criteria for limiting Average {M}arkov Decision Processes},
	Volume = {40},
	Year = {1995}}

@article{Ruszczynski10RA,
	Author = {A. Ruszczy{\'n}ski},
	Journal = {Mathematical Programming},
	Pages = {235-261},
	Title = {Risk-averse Dynamic Programming for {M}arkov Decision Processes},
	Volume = {125},
	Year = {2010}}

@inproceedings{prashanth2014cvar,
	Author = {Prashanth, L.A.},
	Booktitle = {25th International Conference on Algorithmic Learning Theory (ALT)},
	Title = {{Policy Gradients for CVaR-Constrained MDPs}},
	Year = {2014}}

@article{prashanth2016mlj,
	Author = {Prashanth, L. A. and Ghavamzadeh, Mohammad},
	Journal = {Machine Learning},
	Month = {dec},
	Number = {3},
	Pages = {367--417},
	Publisher = {Kluwer Academic Publishers},
	Title = {Variance-constrained Actor-critic Algorithms for Discounted and Average Reward MDPs},
	Volume = {105},
	Year = {2016}}

@inproceedings{l2013actor,
	Author = {Prashanth, L.A. and Ghavamzadeh, Mohammad},
	Booktitle = {Advances in Neural Information Processing Systems (NIPS)},
	Pages = {252--260},
	Title = {{Actor-Critic Algorithms for Risk-Sensitive MDPs}},
	Year = {2013}}

@inproceedings{prashanth2015cumulative,
	Author = {Prashanth, L. A. and Cheng, J. and Fu, M. C. and Marcus, S. I. and Szepesv{\'a}ri, C.},
	Booktitle = {{International Conference on Machine Learning}},
	Pages = {1406--1415},
	Title = {{Cumulative prospect theory meets reinforcement learning: prediction and control}},
	Year = {2016}}

@article{prashanth2017cptlong,
	Author = {Jie, C. and Prashanth, L. A. and Fu, M. C. and Marcus, S. I. and Szepesv{\'a}ri, C.},
	Journal = {{IEEE Transactions on Automatic Control}},
	Title = {{Stochastic optimization in a cumulative prospect theory framework}},
	Year = {2017 (Accepted)}}

@incollection{yu1997assouad,
	Author = {Yu, Bin},
	Booktitle = {Festschrift for Lucien Le Cam},
	Date-Modified = {2017-03-25 16:57:40 +0000},
	Pages = {423--435},
	Publisher = {Springer},
	Title = {Assouad, {F}ano, and {L}e {C}am},
	Year = {1997}}

@inproceedings{poczos2009learning,
	Author = {P{\'o}czos, Barnab{\'a}s and Abbasi-Yadkori, Yasin and Szepesv{\'a}ri, Csaba and Greiner, Russell and Sturtevant, Nathan},
	Booktitle = {International Conference on Machine Learning},
	Pages = {825--832},
	Title = {Learning when to stop thinking and do something!},
	Year = {2009}}

@article{baxter2001infinite,
	Author = {Baxter, Jonathan and Bartlett, Peter L.},
	Journal = {Journal of Artificial Intelligence Research},
	Pages = {319--350},
	Title = {Infinite-horizon policy-gradient estimation},
	Volume = {15},
	Year = {2001}}

@inproceedings{aditya2016weighted,
	Author = {Gopalan, A. and Prashanth, L. A. and Fu, M. C. and Marcus, S. I.},
	Booktitle = {AAAI Conference on Artificial Intelligence},
	Pages = {1941--1947},
	Title = {Weighted bandits or: How bandits learn distorted values that are not expected},
	Year = {2017}}

@book{puterman1994markov,
	Author = {M. Puterman},
	Publisher = {John Wiley \& Sons},
	Title = {Markov decision processes: Discrete stochastic dynamic programming},
	Year = {1994}}

@book{BertsekasT96,
	Author = {D. Bertsekas and J. Tsitsiklis},
	Publisher = {Athena Scientific},
	Title = {Neuro-Dynamic Programming},
	Year = {1996}}

@article{bardou2009computing,
	Author = {Bardou, Olivier and Frikha, Noufel and Pages, Gilles},
	Journal = {Monte Carlo Methods and Applications},
	Number = {3},
	Pages = {173--210},
	Title = {{Computing VaR and CVaR using stochastic approximation and adaptive unconstrained importance sampling}},
	Volume = {15},
	Year = {2009}}

@book{Arrow1971,
	Address = {Chicago, IL},
	Author = {Arrow, Kenneth J.},
	Publisher = {Markham},
	Title = {Essays in the Theory of Risk Bearing},
	Year = {1971}}

@article{markowitz1952portfolio,
	Author = {Markowitz, Harry},
	Journal = {The journal of finance},
	Number = {1},
	Pages = {77--91},
	Publisher = {Wiley Online Library},
	Title = {Portfolio selection},
	Volume = {7},
	Year = {1952}}

@inproceedings{la2016cumulative,
	Author = {Prashanth, L. A. and Jie, C. and Fu, M. C. and Marcus, S. I. and Szepesv{\'a}ri, Csaba},
	Booktitle = {International Conference on Machine Learning},
	Pages = {1406--1415},
	Title = {Cumulative Prospect Theory Meets Reinforcement Learning: Prediction and Control},
	Year = {2016}}

@inproceedings{GLDSim,
	Author = {Wiering, M. and Vreeken, J. and van Veenen, J. and Koopman, A.},
	Booktitle = {IEEE Intelligent Vehicles Symposium},
	Month = {June},
	Pages = {453-458},
	Title = {Simulation and optimization of traffic in a city},
	Year = {2004}}

@inproceedings{yu2009,
	Abstract = {Surjectivity of linear projections between distribution families with fixed mean and covariance (regardless of dimension) is re-derived by a new proof. We further extend this property to distribution families that respect additional constraints, such as symmetry, unimodality and log-concavity. By combining our results with classic univariate inequalities, we provide new worst-case analyses for natural risk criteria arising in classification, optimization, portfolio selection and Markov decision processes.},
	Author = {Yu, Y.-L. and Li, Y. and Schuurmans, D. and {Sz}epesv{\'a}ri, {\relax Cs}.},
	Booktitle = {NIPS},
	Date-Added = {2016-05-23 16:34:00 +0000},
	Date-Modified = {2017-03-25 17:01:00 +0000},
	Keywords = {theory, value at risk, stochastic programming},
	Pdf = {papers/CVAR-NIPS09.pdf},
	Title = {A General Projection Property for Distribution Families},
	Year = {2009}}

@article{prashanth2011reinforcement,
	Author = {Prashanth, L. A. and Bhatnagar, S.},
	Date-Modified = {2017-03-25 16:58:40 +0000},
	Journal = {IEEE Transactions on Intelligent Transportation Systems},
	Number = {2},
	Pages = {412--421},
	Title = {Reinforcement Learning With Function Approximation for Traffic Signal Control},
	Volume = {12},
	Year = {2011}}

@article{prashanth2012threshold,
	Author = {Prashanth, L. A. and Bhatnagar, S.},
	Date-Modified = {2017-03-25 16:58:50 +0000},
	Journal = {IEEE Transactions on Vehicular Technology},
	Number = {9},
	Pages = {3865--3880},
	Title = {Threshold Tuning Using Stochastic Optimization for Graded Signal Control},
	Volume = {61},
	Year = {2012}}

@article{Barberis:2012vs,
	Author = {Barberis, Nicholas C},
	Journal = {Journal of Economic Perspectives},
	Language = {English},
	Pages = {173--196},
	Title = {Thirty Years of Prospect Theory in Economics: A Review and Assessment},
	Year = {2013}}

@article{Simon:1959kd,
	Author = {Simon, Herbert Alexander},
	Date-Added = {2016-02-05 04:36:42 +0000},
	Date-Modified = {2016-02-05 04:39:20 +0000},
	Journal = {The American Economic Review},
	Pages = {253--283},
	Rating = {0},
	Read = {Yes},
	Title = {Theories of Decision-making in Economics and Behavioral Science},
	Volume = {49},
	Year = {1959}}

@book{NeuMo44,
	Address = {Princeton},
	Author = {Von Neumann, J. and Morgenstern, O.},
	Booktitle = {Theory of Games and Economic Behavior},
	Date-Added = {2016-01-31 08:26:16 +0000},
	Date-Modified = {2016-01-31 08:27:09 +0000},
	Publisher = {Princeton University Press},
	Title = {Theory of Games and Economic Behavior},
	Year = {1944}}

@article{ellsberg61,
	Author = {Ellsberg, D.},
	Date-Added = {2016-01-31 08:17:37 +0000},
	Date-Modified = {2016-01-31 08:18:45 +0000},
	Journal = {The Quarterly Journal of Economics},
	Number = {4},
	Pages = {643--669},
	Title = {Risk, ambiguity and the {S}avage's axioms},
	Volume = {75},
	Year = {1961}}

@article{allais53,
	Author = {Allais, M.},
	Date-Added = {2016-01-31 08:16:21 +0000},
	Date-Modified = {2016-01-31 08:17:14 +0000},
	Journal = {Econometrica},
	Pages = {503--546},
	Title = {Le comportement de l'homme rationel devant le risque: Critique des postulats et axioms de l'ecole americaine},
	Volume = {21},
	Year = {1953}}

@article{starmer2000developments,
	Author = {Starmer, C.},
	Journal = {Journal of Economic Literature},
	Pages = {332--382},
	Title = {Developments in non-expected utility theory: The hunt for a descriptive theory of choice under risk},
	Year = {2000}}

@book{fishburn1970expectedutility,
	Author = {Fishburn, P.C.},
	Publisher = {Wiley, New York},
	Title = {{Utility Theory for Decision Making}},
	Year = {1970}}

@book{quiggin2012generalized,
	Author = {Quiggin, J.},
	Publisher = {Springer Science \& Business Media},
	Title = {{Generalized Expected Utility Theory: The Rank-dependent Model}},
	Year = {2012}}

@article{prelec1998probability,
	Author = {Prelec, D.},
	Journal = {Econometrica},
	Pages = {497--527},
	Publisher = {JSTOR},
	Title = {The probability weighting function},
	Year = {1998}}

@article{wu1996curvature,
	Author = {Wu, G. and Gonzalez, R.},
	Journal = {Management Science},
	Number = {12},
	Pages = {1676--1690},
	Publisher = {INFORMS},
	Title = {Curvature of the probability weighting function},
	Volume = {42},
	Year = {1996}}

@article{conlisk1989three,
	Author = {Conlisk, J.},
	Journal = {The American Economic Review},
	Pages = {392--407},
	Publisher = {JSTOR},
	Title = {Three variants on the {Allais} example},
	Year = {1989}}

@article{camerer1989experimental,
	Author = {Camerer, C. F.},
	Journal = {Journal of Risk and Uncertainty},
	Number = {1},
	Pages = {61--104},
	Publisher = {Springer},
	Title = {An experimental test of several generalized utility theories},
	Volume = {2},
	Year = {1989}}

@incollection{camerer1992recent,
	Author = {Camerer, Colin F},
	Booktitle = {Utility theories: Measurements and applications},
	Pages = {207--251},
	Publisher = {Springer},
	Title = {Recent tests of generalizations of expected utility theory},
	Year = {1992}}

@article{harless1992predictions,
	Author = {Harless, David W},
	Journal = {Journal of Economic Behavior \& Organization},
	Number = {3},
	Pages = {391--414},
	Publisher = {Elsevier},
	Title = {Predictions about indifference curves inside the unit triangle: A test of variants of expected utility theory},
	Volume = {18},
	Year = {1992}}

@article{sopher1993test,
	Author = {Sopher, Barry and Gigliotti, Gary},
	Journal = {Theory and Decision},
	Number = {1},
	Pages = {75--106},
	Publisher = {Springer},
	Title = {A test of generalized expected utility theory},
	Volume = {35},
	Year = {1993}}

@article{camerer1994violations,
	Author = {Camerer, Colin F and Ho, Teck-Hua},
	Journal = {Journal of risk and uncertainty},
	Number = {2},
	Pages = {167--196},
	Publisher = {Springer},
	Title = {Violations of the betweenness axiom and nonlinearity in probability},
	Volume = {8},
	Year = {1994}}

@article{gonzalez1999shape,
	Author = {Gonzalez, R. and Wu, G.},
	Journal = {Cognitive Psychology},
	Number = {1},
	Pages = {129--166},
	Publisher = {Elsevier},
	Title = {On the shape of the probability weighting function},
	Volume = {38},
	Year = {1999}}

@article{abdellaoui2000parameter,
	Author = {Abdellaoui, Mohammed},
	Journal = {Management Science},
	Number = {11},
	Pages = {1497--1512},
	Publisher = {INFORMS},
	Title = {Parameter-free elicitation of utility and probability weighting functions},
	Volume = {46},
	Year = {2000}}

@article{bone1999groups,
	Author = {Bone, John and Hey, John and Suckling, John},
	Journal = {Journal of Risk and Uncertainty},
	Number = {1},
	Pages = {63--81},
	Publisher = {Springer},
	Title = {Are groups more (or less) consistent than individuals?},
	Volume = {18},
	Year = {1999}}

@article{timmerman1994can,
	Author = {Timmerman, Allan},
	Journal = {The Economic Journal},
	Pages = {777--797},
	Publisher = {JSTOR},
	Title = {Can agents learn to rational expectations? Some results on convergence and stability of learning in the UK stock market},
	Year = {1994}}

@techreport{barberis1999prospect,
	Author = {Barberis, Nicholas and Huang, Ming and Santos, Tano},
	Institution = {National bureau of economic research},
	Title = {Prospect theory and asset prices},
	Year = {1999}}

@article{lenert1999associations,
	Author = {Lenert, Leslie A and Treadwell, Jonathan R and Schwartz, Carolyn E},
	Journal = {Medical Care},
	Number = {5},
	Pages = {479--489},
	Publisher = {LWW},
	Title = {Associations between health status and utilities implications for policy},
	Volume = {37},
	Year = {1999}}

@article{goda2008application,
	Author = {Goda, K and Hong, HP},
	Journal = {Structural Safety},
	Number = {6},
	Pages = {506--516},
	Publisher = {Elsevier},
	Title = {Application of cumulative prospect theory: Implied seismic design preference},
	Volume = {30},
	Year = {2008}}

@article{gao2010adaptive,
	Author = {Gao, Song and Frejinger, Emma and Ben-Akiva, Moshe},
	Journal = {{Transportation Research Part C: Emerging Technologies}},
	Number = {5},
	Pages = {727--740},
	Publisher = {Elsevier},
	Title = {Adaptive route choices in risky traffic networks: A prospect theory approach},
	Volume = {18},
	Year = {2010}}

@article{fujii2004drivers,
	Author = {Fujii, Satoshi and Kitamura, Ryuichi},
	Journal = {Networks and Spatial Economics},
	Number = {3},
	Pages = {243--256},
	Publisher = {Springer},
	Title = {Drivers' mental representation of travel time and departure time choice in uncertain traffic network conditions},
	Volume = {4},
	Year = {2004}}

@phdthesis{ramming2001network,
	Author = {Ramming, Michael Scott},
	School = {Massachusetts Institute of Technology},
	Title = {Network knowledge and route choice},
	Year = {2001}}

@article{weinberg2005exploring,
	Author = {Weinberg, Bruce D and Davis, Lenita},
	Journal = {Journal of Business Research},
	Number = {11},
	Pages = {1609--1621},
	Publisher = {Elsevier},
	Title = {Exploring the WOW in online-auction feedback},
	Volume = {58},
	Year = {2005}}

@article{machina1995non,
	Author = {Machina, Mark J},
	Journal = {The Geneva Papers on Risk and Insurance Theory},
	Number = {1},
	Pages = {9--50},
	Publisher = {Springer},
	Title = {Non-expected utility and the robustness of the classical insurance paradigm},
	Volume = {20},
	Year = {1995}}

@article{epstein1989substitution,
	Author = {Epstein, Larry G and Zin, Stanley E},
	Journal = {Econometrica: Journal of the Econometric Society},
	Pages = {937--969},
	Publisher = {JSTOR},
	Title = {Substitution, risk aversion, and the temporal behavior of consumption and asset returns: A theoretical framework},
	Year = {1989}}

@article{epstein1991substitution,
	Author = {Epstein, Larry G and Zin, Stanley E},
	Journal = {Journal of Political Economy},
	Pages = {263--286},
	Publisher = {JSTOR},
	Title = {Substitution, risk aversion, and the temporal behavior of consumption and asset returns: An empirical analysis},
	Year = {1991}}

@article{filar1989variance,
	Author = {Filar, J. and Kallenberg, L. and Lee, H.},
	Journal = {Mathematics of Operations Research},
	Number = {1},
	Pages = {147-161},
	Title = {Variance-penalized {M}arkov decision processes},
	Volume = {14},
	Year = {1989}}

@article{Sobel82VD,
	Author = {Sobel, M.},
	Journal = {Journal of Applied Probability},
	Pages = {794-802},
	Title = {The Variance of Discounted {M}arkov Decision Processes},
	Year = {1982}}

@article{mannor2013algorithmic,
	Author = {Mannor, Shie and Tsitsiklis, John N},
	Journal = {European Journal of Operational Research},
	Number = {3},
	Pages = {645--653},
	Publisher = {Elsevier},
	Title = {{Algorithmic aspects of mean--variance optimization in Markov decision processes}},
	Volume = {231},
	Year = {2013}}

@article{tamar2014optimizing,
	Author = {Tamar, Aviv and Glassner, Yonatan and Mannor, Shie},
	Journal = {arXiv preprint arXiv:1404.3862},
	Title = {{Optimizing the CVaR via sampling}},
	Year = {2014}}

@inproceedings{chow2014algorithms,
	Author = {Chow, Yinlam and Ghavamzadeh, Mohammad},
	Booktitle = {Advances in Neural Information Processing Systems},
	Pages = {3509--3517},
	Title = {{Algorithms for CVaR optimization in MDPs}},
	Year = {2014}}

@article{bhatnagar2004simultaneous,
	Author = {Bhatnagar, S. and Kumar, S.},
	Journal = {IEEE Transactions on Automatic Control},
	Number = {4},
	Pages = {592--598},
	Publisher = {IEEE},
	Title = {A simultaneous perturbation stochastic approximation-based actor-critic algorithm for Markov decision processes},
	Volume = {49},
	Year = {2004}}

@book{van2000asymptotic,
	Author = {Van der Vaart, A. W.},
	Publisher = {Cambridge University Press},
	Title = {Asymptotic statistics},
	Volume = {3},
	Year = {2000}}

@book{athreya2006measure,
	Author = {Athreya, K. B. and Lahiri, S. N.},
	Publisher = {Springer Science \& Business Media},
	Title = {{Measure Theory and Probability Theory}},
	Year = {2006}}

@book{lahaprobability,
	Author = {Laha, R. G. and Rohatgi, V. K.},
	Publisher = {Wiley, New York},
	Title = {Probability Theory},
	Year = {1979}}

@article{spall,
	Author = {Spall, J. C.},
	Journal = {IEEE Trans. Auto. Cont.},
	Number = {3},
	Pages = {332-341},
	Title = {Multivariate stochastic approximation using a simultaneous perturbation gradient approximation},
	Volume = {37},
	Year = 1992}

@book{chang2013simulation,
	Author = {Chang, H. S. and Hu, J. and Fu, M. C. and Marcus, S. I.},
	Publisher = {Springer},
	Title = {{Simulation-based Algorithms for Markov Decision Processes}},
	Year = {2013}}

	
@book{fu2015handbook,
 Editor = {Fu, M. C.},
  title={Handbook of Simulation Optimization},
  volume={216},
  year={2015},
  publisher={Springer}
}

@book{wasserman2006,
	Author = {Wasserman, L. A.},
	Pages = {14},
	Publisher = {Springer},
	Title = {All of Nonparametric Statistics},
	Year = {2015}}

@book{gill1981practical,
	Author = {Gill, P.E. and Murray, W. and Wright, M.H.},
	Publisher = {Academic Press},
	Title = {{Practical Optimization}},
	Year = {1981}}

@article{bhatnagar2015simultaneous,
	Author = {Bhatnagar, S. and Prashanth, L. A.},
	Date-Modified = {2017-03-25 16:58:28 +0000},
	Journal = {Journal of Optimization Theory and Applications},
	Number = {2},
	Pages = {621--643},
	Publisher = {Springer US},
	Title = {Simultaneous perturbation Newton algorithms for simulation optimization},
	Volume = {164},
	Year = {2015}}

@inproceedings{borkar2010learning,
	Author = {Borkar, V.},
	Booktitle = {Proceedings of the 19th International Symposium on Mathematical Theory of Networks and Systems--MTNS},
	Number = {9},
	Title = {Learning algorithms for risk-sensitive control},
	Volume = {5},
	Year = {2010}}

@article{spall2000adaptive,
	Author = {Spall, J. C.},
	Journal = {IEEE Trans. Autom. Contr.},
	Pages = {1839--1853},
	Title = {Adaptive stochastic approximation by the simultaneous perturbation method},
	Volume = {45},
	Year = 2000}

@article{polyak1992acceleration,
	Author = {Polyak, B. T. and Juditsky, A. B.},
	Journal = {SIAM Journal on Control and Optimization},
	Number = {4},
	Pages = {838--855},
	Publisher = {SIAM},
	Title = {Acceleration of stochastic approximation by averaging},
	Volume = {30},
	Year = {1992}}

@article{ruppert1991stochastic,
	Author = {Ruppert, D.},
	Journal = {Handbook of Sequential Analysis},
	Pages = {503--529},
	Title = {Stochastic approximation},
	Year = {1991}}

@article{robbins1951stochastic,
	Author = {Robbins, H. and Monro, S.},
	Journal = {The Annals of Mathematical Statistics},
	Pages = {400--407},
	Publisher = {JSTOR},
	Title = {A stochastic approximation method},
	Year = {1951}}

@techreport{nesterov2011random,
	Author = {Nesterov, Yurii},
	Institution = {Universit{\'e} catholique de Louvain, Center for Operations Research and Econometrics (CORE)},
	Title = {Random gradient-free minimization of convex functions},
	Year = {2011}}

@inproceedings{flaxman2005online,
	Author = {Flaxman, A. D. and Kalai, A. T. and McMahan, H. B.},
	Booktitle = {SODA},
	Pages = {385--394},
	Title = {Online convex optimization in the bandit setting: gradient descent without a gradient},
	Year = {2005}}

@inproceedings{agarwal2010optimal,
	Author = {Agarwal, Alekh and Dekel, Ofer and Xiao, Lin},
	Booktitle = {COLT},
	Date-Modified = {2017-03-25 17:00:49 +0000},
	Organization = {Citeseer},
	Pages = {28--40},
	Title = {Optimal Algorithms for Online Convex Optimization with Multi-Point Bandit Feedback},
	Year = {2010}}

@book{hazan2015online,
	Author = {Hazan, E.},
	Title = {Online Convex Optimization},
	Year = {2015}}

@article{duchi2013optimal,
	Author = {Duchi, J. C. and Jordan, M. I. and Wainwright, M. J. and Wibisono, A.},
	Journal = {arXiv preprint arXiv:1312.2139},
	Title = {Optimal rates for zero-order convex optimization: the power of two function evaluations},
	Year = {2013}}

@article{fathi2013transport,
	Author = {Fathi, M. and Frikha, N.},
	Journal = {Electronic Journal of Probability},
	Number = {67},
	Pages = {1--36},
	Title = {Transport-entropy inequalities and deviation estimates for stochastic approximation schemes},
	Volume = {18},
	Year = {2013}}

@book{spall2005introduction,
	Author = {Spall, J. C.},
	Publisher = {John Wiley \& Sons},
	Title = {{Introduction to Stochastic Search and Optimization: Estimation, Simulation, and Control}},
	Volume = {65},
	Year = {2005}}

@book{bertsekas2013abstract,
	Author = {Bertsekas, D. P.},
	Publisher = {Athena Scientific, Belmont, MA},
	Title = {Abstract Dynamic Programming},
	Year = {2013}}

@book{Bhatnagar13SR,
	Author = {Bhatnagar, S. and Prasad, H. L. and Prashanth, {L. A.}},
	Publisher = {Springer},
	Title = {Stochastic Recursive Algorithms for Optimization},
	Volume = {434},
	Year = {2013}}

@article{sutton1988learning,
	Author = {Sutton, R. S.},
	Journal = {Machine Learning},
	Number = {1},
	Pages = {9--44},
	Publisher = {Springer},
	Title = {Learning to predict by the methods of temporal differences},
	Volume = {3},
	Year = {1988}}

@inproceedings{prashanth2014policy,
	Author = {Prashanth, L. A.},
	Booktitle = {Algorithmic Learning Theory},
	Date-Modified = {2017-03-25 16:59:21 +0000},
	Pages = {155--169},
	Title = {Policy Gradients for {CVaR}-Constrained {MDP}s},
	Year = {2014}}

@article{fennema1997original,
	Author = {Fennema, H. and Wakker, P.},
	Journal = {Journal of Behavioral Decision Making},
	Pages = {53--64},
	Title = {Original and cumulative prospect theory: A discussion of empirical differences},
	Volume = {10},
	Year = {1997}}

@article{kahneman1979prospect,
	Author = {Kahneman, D. and Tversky, A.},
	Journal = {Econometrica: Journal of the Econometric Society},
	Pages = {263--291},
	Publisher = {JSTOR},
	Title = {Prospect theory: An analysis of decision under risk},
	Year = {1979}}

@article{tversky1992advances,
	Author = {Tversky, A. and Kahneman, D.},
	Journal = {Journal of Risk and Uncertainty},
	Number = {4},
	Pages = {297--323},
	Publisher = {Springer},
	Title = {Advances in prospect theory: Cumulative representation of uncertainty},
	Volume = {5},
	Year = {1992}}

@phdthesis{lin2013stochastic,
	Author = {Lin, K.},
	Date-Modified = {2017-03-25 17:00:44 +0000},
	School = {University of Maryland, College Park},
	Title = {Stochastic Systems with Cumulative Prospect Theory},
	Year = {2013}}

@book{sutton1998reinforcement,
	Author = {Sutton, R. and Barto, A.},
	Publisher = {MIT Press},
	Title = {Reinforcement learning: An introduction},
	Year = {1998}}

@book{bertsekas1995dynamic,
	Author = {Bertsekas, Dimitri P.},
	Keywords = {dynamic-programming},
	Publisher = {Athena Scientific},
	Title = {Dynamic Programming and Optimal Control, vol. II, 3rd edition},
	Year = {2007}}

@book{altman1999constrained,
	Author = {Altman, Eitan},
	Publisher = {CRC Press},
	Title = {Constrained Markov decision processes},
	Volume = {7},
	Year = {1999}}

@article{sion1958general,
	Author = {Sion, Maurice},
	Journal = {Pacific J. Math},
	Number = {1},
	Pages = {171--176},
	Title = {On general minimax theorems},
	Volume = {8},
	Year = {1958}}

@book{bertsekas1999nonlinear,
	Author = {D. Bertsekas},
	Publisher = {Athena Scientific},
	Title = {Nonlinear programming},
	Year = {1999}}

@article{bartlett2011infinite,
	Author = {Bartlett, Peter L and Baxter, Jonathan},
	Journal = {arXiv preprint arXiv:1106.0665},
	Title = {{Infinite-horizon policy-gradient estimation}},
	Year = {2011}}

@article{mannor2011mean,
	Author = {Mannor, Shie and Tsitsiklis, John},
	Journal = {arXiv preprint arXiv:1104.5601},
	Title = {{Mean-variance optimization in Markov decision processes}},
	Year = {2011}}

@article{atchade2014stochastic,
	Author = {Atchade, Yves F and Fort, Gersende and Moulines, Eric},
	Journal = {arXiv preprint arXiv:1402.2365},
	Title = {{On stochastic proximal gradient algorithms}},
	Year = {2014}}

@article{artzner1999coherent,
	Author = {Artzner, P. and Delbaen, F. and Eber, J. M. and Heath, D.},
	Journal = {Mathematical finance},
	Number = {3},
	Pages = {203--228},
	Publisher = {Wiley Online Library},
	Title = {{Coherent measures of risk}},
	Volume = {9},
	Year = {1999}}

@book{borkar2008stochastic,
	Author = {Borkar, V.},
	Publisher = {Cambridge University Press},
	Title = {{Stochastic Approximation: A Dynamical Systems Viewpoint}},
	Year = {2008}}

@inproceedings{tamar2012policy,
	Author = {Tamar, A. and Castro, D. D. and Mannor, S.},
	Booktitle = {{Proceedings of the Twenty-Ninth International Conference on Machine Learning}},
	Pages = {387-396},
	Title = {{Policy gradients with variance related risk criteria}},
	Year = {2012}}

@inproceedings{Prashanth13AC,
	Author = {Prashanth, L. A. and Ghavamzadeh, M.},
	Booktitle = {Proceedings of Advances in Neural Information Processing Systems 26},
	Date-Modified = {2017-03-25 16:58:56 +0000},
	Pages = {252--260},
	Title = {Actor-Critic Algorithms for Risk-Sensitive {MDP}s},
	Year = {2013}}

@article{Tamar13VA,
	Author = {Tamar, A. and Mannor, S.},
	Journal = {arXiv preprint arXiv:1310.3697},
	Title = {{Variance adjusted actor-critic algorithms}},
	Year = {2013}}

@inproceedings{borkar2010risk,
	Author = {Borkar, V. and Jain, R.},
	Booktitle = {{IEEE Conference on Decision and Control}},
	Pages = {2664--2669},
	Title = {{Risk-constrained Markov decision processes}},
	Year = {2010}}

@article{tamar2014policy,
	Author = {Tamar, Aviv and Glassner, Yonatan and Mannor, Shie},
	Journal = {arXiv preprint arXiv:1404.3862},
	Title = {{Policy Gradients Beyond Expectations: Conditional Value-at-Risk}},
	Year = {2014}}

@article{lemaire2010unconstrained,
	Author = {Lemaire, Vincent and Pages, Gilles},
	Journal = {The Annals of Applied Probability},
	Number = {3},
	Pages = {1029--1067},
	Title = {{Unconstrained recursive importance sampling}},
	Volume = {20},
	Year = {2010}}

@inproceedings{glynn1987likelilood,
	Author = {Glynn, Peter W},
	Booktitle = {{Proceedings of the 19th conference on Winter simulation}},
	Organization = {ACM},
	Pages = {366--375},
	Title = {{Likelilood ratio gradient estimation: an overview}},
	Year = {1987}}

@article{borkar2005actor,
	Author = {Borkar, V.},
	Journal = {Systems \& Control Letters},
	Number = {3},
	Pages = {207-213},
	Title = {{An actor-critic algorithm for constrained {Markov} decision processes}},
	Volume = {54},
	Year = {2005}}

@book{mas1995microeconomic,
	Author = {Mas-Colell, A. and Whinston, M. and Green, J.},
	Publisher = {Oxford University Press},
	Title = {{Microeconomic theory}},
	Year = {1995}}

@book{kushner-clark,
	Author = {Kushner, H. and Clark, D.},
	Pages = {191-196},
	Publisher = {Springer-Verlag},
	Title = {{Stochastic Approximation Methods for Constrained and Unconstrained Systems}},
	Year = 1978}

@article{rockafellar2000optimization,
	Author = {Rockafellar, R. T. and Uryasev, S.},
	Journal = {Journal of risk},
	Pages = {21--42},
	Title = {{Optimization of conditional value-at-risk}},
	Volume = {2},
	Year = {2000}}

@article{Pracheng2015cpt,
	Author = {Prashanth, L.A. and Jie, Cheng and Fu, M. C. and Marcus, S. I. and Szepesv{\'a}ri, {Csaba}},
	Date-Modified = {2017-03-25 16:59:03 +0000},
	Journal = {arXiv preprint arXiv:1506.02632v3},
	Title = {Cumulative Prospect Theory Meets Reinforcement Learning: Prediction and Control},
	Year = {2015}}

@book{Warrenb2007approximate,
	Author = {Powell, W.B.},
	Publisher = {Wiley Series in Probability and Statistics},
	Title = {{Approximate Dynamic Programming: Solving the Curses of Dimensionality}},
	Year = 2007}


